<record><leader>00000cas a2200000 a 4500</leader><controlfield tag="001">27021869</controlfield><controlfield tag="008">921124d18811927miuwr ne      0    0eng c</controlfield><datafield ind1=" " ind2=" " tag="010"><subfield code="a">sn 92062235 </subfield></datafield><datafield ind1=" " ind2=" " tag="040"><subfield code="a">NYS</subfield><subfield code="b">eng</subfield><subfield code="c">NYS</subfield><subfield code="d">MHN</subfield><subfield code="d">OCL</subfield><subfield code="d">OCLCQ</subfield><subfield code="d">OCLCF</subfield><subfield code="d">OCLCO</subfield></datafield><datafield ind1="1" ind2=" " tag="029"><subfield code="a">AU@</subfield><subfield code="b">000020106943</subfield></datafield><datafield ind1=" " ind2=" " tag="042"><subfield code="a">pcc</subfield></datafield><datafield ind1=" " ind2=" " tag="043"><subfield code="a">n-us-mi</subfield></datafield><datafield ind1="0" ind2=" " tag="130"><subfield code="a">Midland Republican (Midland, Mich. : 1881)</subfield></datafield><datafield ind1="1" ind2="4" tag="245"><subfield code="a">The Midland Republican.</subfield></datafield><datafield ind1=" " ind2=" " tag="260"><subfield code="a">Midland, Mich. :</subfield><subfield code="b">T.W. Crissey</subfield></datafield><datafield ind1=" " ind2=" " tag="300"><subfield code="a">v.</subfield></datafield><datafield ind1=" " ind2=" " tag="310"><subfield code="a">Weekly</subfield></datafield><datafield ind1="0" ind2=" " tag="362"><subfield code="a">[Republican ser., no. 1] (Jan. 8, 1881)-Republican ser., no. 782 (Dec. 27, 1895) = [whole no. 759]-whole no. 1531 ; 16th yr., no. 783 (Jan. 3, 1896)-47th yr., no. 2403 (Feb 10, 1927).</subfield></datafield><datafield ind1=" " ind2=" " tag="500"><subfield code="a">Title from publisher's block. Page 1 missing from Jan. 8, 1881 issue.</subfield></datafield><datafield ind1=" " ind2=" " tag="580"><subfield code="a">Merged with: Midland sun, to form: Midland Republican and the Midland sun.</subfield></datafield><datafield ind1=" " ind2="0" tag="651"><subfield code="a">Midland (Mich.)</subfield><subfield code="v">Newspapers.</subfield></datafield><datafield ind1=" " ind2="0" tag="651"><subfield code="a">Midland County (Mich.)</subfield><subfield code="v">Newspapers.</subfield></datafield><datafield ind1=" " ind2="7" tag="655"><subfield code="a">Newspapers.</subfield><subfield code="2">fast</subfield><subfield code="0">(OCoLC)fst01423814</subfield></datafield><datafield ind1=" " ind2="7" tag="651"><subfield code="a">Michigan</subfield><subfield code="z">Midland.</subfield><subfield code="2">fast</subfield><subfield code="0">(OCoLC)fst01206011</subfield></datafield><datafield ind1=" " ind2="7" tag="651"><subfield code="a">Michigan</subfield><subfield code="z">Midland County.</subfield><subfield code="2">fast</subfield><subfield code="0">(OCoLC)fst01209305</subfield></datafield><datafield ind1=" " ind2=" " tag="752"><subfield code="a">United States</subfield><subfield code="b">Michigan</subfield><subfield code="c">Midland</subfield><subfield code="d">Midland.</subfield></datafield><datafield ind1="0" ind2="0" tag="780"><subfield code="t">Midland independent</subfield><subfield code="w">(DLC)sn 85033734</subfield><subfield code="w">(OCoLC)12221611</subfield></datafield><datafield ind1="1" ind2="7" tag="785"><subfield code="t">Midland sun</subfield><subfield code="w">(DLC)sn 96077255</subfield><subfield code="w">(OCoLC)35920227</subfield></datafield><datafield ind1="1" ind2="7" tag="785"><subfield code="t">Midland Republican and the Midland sun</subfield><subfield code="w">(DLC)sn 96077259</subfield><subfield code="w">(OCoLC)35924181</subfield></datafield></record>